<record><leader>00000cas a22000007a 4500</leader><controlfield tag="001">12217827</controlfield><controlfield tag="008">850629d18951uuualuwr ne      0    0eng d</controlfield><datafield ind1=" " ind2=" " tag="010"><subfield code="a">sn 85044800 </subfield></datafield><datafield ind1=" " ind2=" " tag="040"><subfield code="a">ABJ</subfield><subfield code="b">eng</subfield><subfield code="c">ABJ</subfield><subfield code="d">CPN</subfield><subfield code="d">OCLCQ</subfield></datafield><datafield ind1=" " ind2=" " tag="042"><subfield code="a">msc</subfield></datafield><datafield ind1="0" ind2="4" tag="245"><subfield code="a">The Pratt City weekly news.</subfield></datafield><datafield ind1="1" ind2="3" tag="246"><subfield code="a">Pratt City news</subfield></datafield><datafield ind1=" " ind2=" " tag="260"><subfield code="a">Pratt City, Ala. :</subfield><subfield code="b">A.J. Prince</subfield></datafield><datafield ind1=" " ind2=" " tag="300"><subfield code="a">v. :</subfield><subfield code="b">ill.</subfield></datafield><datafield ind1=" " ind2=" " tag="310"><subfield code="a">Weekly</subfield></datafield><datafield ind1="1" ind2=" " tag="362"><subfield code="a">Began in 1895.</subfield><subfield code="z">Cf. Ayer, 1898.</subfield></datafield><datafield ind1=" " ind2=" " tag="500"><subfield code="a">Variant title: &lt;Nov. 6, 1896-&gt; The Pratt City news.</subfield></datafield><datafield ind1=" " ind2=" " tag="500"><subfield code="a">"Official organ of Pratt City, Alabama."</subfield></datafield><datafield ind1=" " ind2=" " tag="500"><subfield code="a">"Democratic."</subfield></datafield><datafield ind1=" " ind2=" " tag="588"><subfield code="a">Description based on: Vol. 1, no. 7 (Nov. 16, 1895).</subfield></datafield><datafield ind1=" " ind2=" " tag="752"><subfield code="a">United States</subfield><subfield code="b">Alabama</subfield><subfield code="c">Jefferson</subfield><subfield code="d">Pratt City.</subfield></datafield></record>